@inproceedings{chen2015deep,
  title={A deep learning approach to human activity recognition based on single accelerometer},
  author={Chen, Yuqing and Xue, Yang},
  booktitle={Systems, Man, and Cybernetics (SMC), 2015 IEEE International Conference on},
  pages={1488--1492},
  year={2015},
  organization={IEEE}
}

@inproceedings{stisen2015smart,
  title={Smart devices are different: Assessing and mitigatingmobile sensing heterogeneities for activity recognition},
  author={Stisen, Allan and Blunck, Henrik and Bhattacharya, Sourav and Prentow, Thor Siiger and Kj{\ae}rgaard, Mikkel Baun and Dey, Anind and Sonne, Tobias and Jensen, Mads M{\o}ller},
  booktitle={Proceedings of the 13th ACM Conference on Embedded Networked Sensor Systems},
  pages={127--140},
  year={2015},
  organization={ACM}
}

@article{bulling2014tutorial,
  title={A tutorial on human activity recognition using body-worn inertial sensors},
  author={Bulling, Andreas and Blanke, Ulf and Schiele, Bernt},
  journal={ACM Computing Surveys (CSUR)},
  volume={46},
  number={3},
  pages={33},
  year={2014},
  publisher={ACM}
}

@article{ronao2016human,
  title={Human activity recognition with smartphone sensors using deep learning neural networks},
  author={Ronao, Charissa Ann and Cho, Sung-Bae},
  journal={Expert Systems with Applications},
  volume={59},
  pages={235--244},
  year={2016},
  publisher={Elsevier}
}

@inproceedings{sagha2011benchmarking,
  title={Benchmarking classification techniques using the Opportunity human activity dataset},
  author={Sagha, Hesam and Digumarti, Sundara Tejaswi and Mill{\'a}n, Jos{\'e} del R and Chavarriaga, Ricardo and Calatroni, Alberto and Roggen, Daniel and Tr{\"o}ster, Gerhard},
  booktitle={Systems, Man, and Cybernetics (SMC), 2011 IEEE International Conference on},
  pages={36--40},
  year={2011},
  organization={IEEE}
}

@inproceedings{sundholm2014smart,
  title={Smart-mat: Recognizing and counting gym exercises with low-cost resistive pressure sensing matrix},
  author={Sundholm, Mathias and Cheng, Jingyuan and Zhou, Bo and Sethi, Akash and Lukowicz, Paul},
  booktitle={Proceedings of the 2014 ACM international joint conference on pervasive and ubiquitous computing},
  pages={373--382},
  year={2014},
  organization={ACM}
}

@inproceedings{kowsar2016detecting,
  title={Detecting unseen anomalies in weight training exercises},
  author={Kowsar, Yousef and Moshtaghi, Masud and Velloso, Eduardo and Kulik, Lars and Leckie, Christopher},
  booktitle={Proceedings of the 28th Australian Conference on Computer-Human Interaction},
  pages={517--526},
  year={2016},
  organization={ACM}
}
@inproceedings{velloso2013qualitative,
  title={Qualitative activity recognition of weight lifting exercises},
  author={Velloso, Eduardo and Bulling, Andreas and Gellersen, Hans and Ugulino, Wallace and Fuks, Hugo},
  booktitle={Proceedings of the 4th Augmented Human International Conference},
  pages={116--123},
  year={2013},
  organization={ACM}
}

@inproceedings{zhou2016never,
  title={Never skip leg day: A novel wearable approach to monitoring gym leg exercises},
  author={Zhou, Bo and Sundholm, Mathias and Cheng, Jingyuan and Cruz, Heber and Lukowicz, Paul},
  booktitle={Pervasive Computing and Communications (PerCom), 2016 IEEE International Conference on},
  pages={1--9},
  year={2016},
  organization={IEEE}
}

@article{vapnik2009new,
  title={A new learning paradigm: Learning using privileged information},
  author={Vapnik, Vladimir and Vashist, Akshay},
  journal={Neural networks},
  volume={22},
  number={5},
  pages={544--557},
  year={2009},
  publisher={Elsevier}
}

@inproceedings{yao2017deepsense,
  title={Deepsense: A unified deep learning framework for time-series mobile sensing data processing},
  author={Yao, Shuochao and Hu, Shaohan and Zhao, Yiran and Zhang, Aston and Abdelzaher, Tarek},
  booktitle={Proceedings of the 26th International Conference on World Wide Web},
  pages={351--360},
  year={2017},
  organization={International World Wide Web Conferences Steering Committee}
}

@inproceedings{ngiam2011multimodal,
  title={Multimodal deep learning},
  author={Ngiam, Jiquan and Khosla, Aditya and Kim, Mingyu and Nam, Juhan and Lee, Honglak and Ng, Andrew Y},
  booktitle={Proceedings of the 28th international conference on machine learning (ICML-11)},
  pages={689--696},
  year={2011}
}

@inproceedings{havaei2016hemis,
  title={HeMIS: Hetero-modal image segmentation},
  author={Havaei, Mohammad and Guizard, Nicolas and Chapados, Nicolas and Bengio, Yoshua},
  booktitle={International Conference on Medical Image Computing and Computer-Assisted Intervention},
  pages={469--477},
  year={2016},
  organization={Springer}
}

@article{chen2017training,
  title={Training Group Orthogonal Neural Networks with Privileged Information},
  author={Chen, Yunpeng and Jin, Xiaojie and Feng, Jiashi and Yan, Shuicheng},
  journal={arXiv preprint arXiv:1701.06772},
  year={2017}
}

@inproceedings{shi2017learning,
  title={Learning and refining of privileged information-based rnns for action recognition from depth sequences},
  author={Shi, Zhiyuan and Kim, Tae-Kyun},
  booktitle={Proc. IEEE Conference on Computer Vision and Pattern Recognition (CVPR)},
  year={2017}
}

@article{chavarriaga2013opportunity,
  title={The Opportunity challenge: A benchmark database for on-body sensor-based activity recognition},
  author={Chavarriaga, Ricardo and Sagha, Hesam and Calatroni, Alberto and Digumarti, Sundara Tejaswi and Tr{\"o}ster, Gerhard and Mill{\'a}n, Jos{\'e} del R and Roggen, Daniel},
  journal={Pattern Recognition Letters},
  volume={34},
  number={15},
  pages={2033--2042},
  year={2013},
  publisher={Elsevier}
}

@article{abajobir2017global,
  title={Global, regional, and national incidence, prevalence, and years lived with disability for 328 diseases and injuries for 195 countries, 1990--2016: a systematic analysis for the Global Burden of Disease Study 2016},
  author={Abajobir, Amanuel Alemu and Abate, Kalkidan Hassen and Abbafati, Cristiana and Abbas, Kaja M and Abd-Allah, Foad and Abdulkader, Rizwan Suliankatchi and Abdulle, Abdishakur M and Abebo, Teshome Abuka and Abera, Semaw Ferede and Aboyans, Victor and others},
  journal={The Lancet},
  volume={390},
  number={10100},
  pages={1211--1259},
  year={2017},
  publisher={Elsevier}
}

@article{preece2009comparison,
  title={A comparison of feature extraction methods for the classification of dynamic activities from accelerometer data},
  author={Preece, Stephen J and Goulermas, John Yannis and Kenney, Laurence PJ and Howard, David},
  journal={IEEE Transactions on Biomedical Engineering},
  volume={56},
  number={3},
  pages={871--879},
  year={2009},
  publisher={IEEE}
}

@misc{morchen2003time,
  title={Time series feature extraction for data mining using DWT and DFT},
  author={M{\"o}rchen, Fabian},
  year={2003}
}

@inproceedings{radu2016towards,
  title={Towards multimodal deep learning for activity recognition on mobile devices},
  author={Radu, Valentin and Lane, Nicholas D and Bhattacharya, Sourav and Mascolo, Cecilia and Marina, Mahesh K and Kawsar, Fahim},
  booktitle={Proceedings of the 2016 ACM International Joint Conference on Pervasive and Ubiquitous Computing: Adjunct},
  pages={185--188},
  year={2016},
  organization={ACM}
}

@inproceedings{sani2017learning,
  title={Learning Deep and Shallow Features for Human Activity Recognition},
  author={Sani, Sadiq and Massie, Stewart and Wiratunga, Nirmalie and Cooper, Kay},
  booktitle={International Conference on Knowledge Science, Engineering and Management},
  pages={469--482},
  year={2017},
  organization={Springer}
}

@inproceedings{sani2017knn,
  title={kNN sampling for personalised human activity recognition},
  author={Sani, Sadiq and Wiratunga, Nirmalie and Massie, Stewart and Cooper, Kay},
  booktitle={International Conference on Case-Based Reasoning},
  pages={330--344},
  year={2017},
  organization={Springer}
}

@inproceedings{mnih2014recurrent,
  title={Recurrent models of visual attention},
  author={Mnih, Volodymyr and Heess, Nicolas and Graves, Alex and others},
  booktitle={Advances in neural information processing systems},
  pages={2204--2212},
  year={2014}
}

@article{chen2015abc,
  title={ABC-CNN: An attention based convolutional neural network for visual question answering},
  author={Chen, Kan and Wang, Jiang and Chen, Liang-Chieh and Gao, Haoyuan and Xu, Wei and Nevatia, Ram},
  journal={arXiv preprint arXiv:1511.05960},
  year={2015}
}

@inproceedings{karpathy2014large,
  title={Large-scale video classification with convolutional neural networks},
  author={Karpathy, Andrej and Toderici, George and Shetty, Sanketh and Leung, Thomas and Sukthankar, Rahul and Fei-Fei, Li},
  booktitle={Proceedings of the IEEE conference on Computer Vision and Pattern Recognition},
  pages={1725--1732},
  year={2014}
}
@inproceedings{garcia2011statistical,
  title={Statistical machine learning for automatic assessment of physical activity intensity using multi-axial accelerometry and heart rate},
  author={Garc{\'\i}a-Garc{\'\i}a, Fernando and Garc{\'\i}a-S{\'a}ez, Gema and Chausa, Paloma and Mart{\'\i}nez-Sarriegui, I{\~n}aki and Benito, Pedro Jos{\'e} and G{\'o}mez, Enrique J and Hernando, M Elena},
  booktitle={Conference on Artificial Intelligence in Medicine in Europe},
  pages={70--79},
  year={2011},
  organization={Springer}
}

@inproceedings{chen2013rehabilitation,
  title={A rehabilitation exercise assessment system based on wearable sensors for knee osteoarthritis},
  author={Chen, Po-Chao and Huang, Chih-Ning and Chen, I-Chun and Chan, Chia-Tai},
  booktitle={International Conference on Smart Homes and Health Telematics},
  pages={267--272},
  year={2013},
  organization={Springer}
}

@article{pigou2015beyond,
  title={Beyond temporal pooling: Recurrence and temporal convolutions for gesture recognition in video},
  author={Pigou, Lionel and Van Den Oord, A{\"a}ron and Dieleman, Sander and Van Herreweghe, Mieke and Dambre, Joni},
  journal={International Journal of Computer Vision},
  pages={1--10},
  year={2015},
  publisher={Springer}
}

@article{yin2015abcnn,
  title={Abcnn: Attention-based convolutional neural network for modeling sentence pairs},
  author={Yin, Wenpeng and Sch{\"u}tze, Hinrich and Xiang, Bing and Zhou, Bowen},
  journal={arXiv preprint arXiv:1512.05193},
  year={2015}
}

@inproceedings{chopra2005learning,
  title={Learning a similarity metric discriminatively, with application to face verification},
  author={Chopra, Sumit and Hadsell, Raia and LeCun, Yann},
  booktitle={Computer Vision and Pattern Recognition, 2005. CVPR 2005. IEEE Computer Society Conference on},
  volume={1},
  pages={539--546},
  year={2005},
  organization={IEEE}
}

@article{hinton2006reducing,
  title={Reducing the dimensionality of data with neural networks},
  author={Hinton, Geoffrey E and Salakhutdinov, Ruslan R},
  journal={science},
  volume={313},
  number={5786},
  pages={504--507},
  year={2006},
  publisher={American Association for the Advancement of Science}
}

@inproceedings{bengio2009curriculum,
  title={Curriculum learning},
  author={Bengio, Yoshua and Louradour, J{\'e}r{\^o}me and Collobert, Ronan and Weston, Jason},
  booktitle={Proceedings of the 26th annual international conference on machine learning},
  pages={41--48},
  year={2009},
  organization={ACM}
}

@inproceedings{hammerla2016deep,
  title={Deep, convolutional, and recurrent models for human activity recognition using wearables},
  author={Hammerla, Nils Y and Halloran, Shane and Pl{\"o}tz, Thomas},
  booktitle={Proceedings of the Twenty-Fifth International Joint Conference on Artificial Intelligence},
  pages={1533--1540},
  year={2016},
  organization={AAAI Press}
}

@inproceedings{widmer2015digital,
  title={Digital health interventions for the prevention of cardiovascular disease: a systematic review and meta-analysis},
  author={Widmer, R Jay and Collins, Nerissa M and Collins, C Scott and West, Colin P and Lerman, Lilach O and Lerman, Amir},
  booktitle={Mayo Clinic Proceedings},
  volume={90},
  number={4},
  pages={469--480},
  year={2015},
  organization={Elsevier}
}


@article{mclean2016interactive,
  title={Interactive digital interventions to promote self-management in adults with asthma: systematic review and meta-analysis},
  author={McLean, Gary and Murray, Elizabeth and Band, Rebecca and Moffat, Keith R and Hanlon, Peter and Bruton, Anne and Thomas, Mike and Yardley, Lucy and Mair, Frances S},
  journal={BMC pulmonary medicine},
  volume={16},
  number={1},
  pages={83},
  year={2016},
  publisher={BioMed Central}
}

@article{li2014game,
  title={Game-based digital interventions for depression therapy: a systematic review and meta-analysis},
  author={Li, Jinhui and Theng, Yin-Leng and Foo, Schubert},
  journal={Cyberpsychology, Behavior, and Social Networking},
  volume={17},
  number={8},
  pages={519--527},
  year={2014},
  publisher={Mary Ann Liebert, Inc. 140 Huguenot Street, 3rd Floor New Rochelle, NY 10801 USA}
}

@article{fanning2012increasing,
  title={Increasing physical activity with mobile devices: a meta-analysis},
  author={Fanning, Jason and Mullen, Sean P and McAuley, Edward},
  journal={Journal of medical Internet research},
  volume={14},
  number={6},
  year={2012},
  publisher={JMIR Publications Inc.}
}

@article{chung2014empirical,
  title={Empirical evaluation of gated recurrent neural networks on sequence modeling},
  author={Chung, Junyoung and Gulcehre, Caglar and Cho, KyungHyun and Bengio, Yoshua},
  journal={arXiv preprint arXiv:1412.3555},
  year={2014}
}

@article{elman1990finding,
  title={Finding structure in time},
  author={Elman, Jeffrey L},
  journal={Cognitive science},
  volume={14},
  number={2},
  pages={179--211},
  year={1990},
  publisher={Wiley Online Library}
}

@article{schuster1997bidirectional,
  title={Bidirectional recurrent neural networks},
  author={Schuster, Mike and Paliwal, Kuldip K},
  journal={IEEE Transactions on Signal Processing},
  volume={45},
  number={11},
  pages={2673--2681},
  year={1997},
  publisher={IEEE}
}

@article{vincent2010stacked,
  title={Stacked denoising autoencoders: Learning useful representations in a deep network with a local denoising criterion},
  author={Vincent, Pascal and Larochelle, Hugo and Lajoie, Isabelle and Bengio, Yoshua and Manzagol, Pierre-Antoine},
  journal={Journal of Machine Learning Research},
  volume={11},
  number={Dec},
  pages={3371--3408},
  year={2010}
}

@article{ordonez2016deep,
  title={Deep convolutional and lstm recurrent neural networks for multimodal wearable activity recognition},
  author={Ord{\'o}{\~n}ez, Francisco Javier and Roggen, Daniel},
  journal={Sensors},
  volume={16},
  number={1},
  pages={115},
  year={2016},
  publisher={Multidisciplinary Digital Publishing Institute}
}

@inproceedings{dai2015semi,
  title={Semi-supervised sequence learning},
  author={Dai, Andrew M and Le, Quoc V},
  booktitle={Advances in Neural Information Processing Systems},
  pages={3079--3087},
  year={2015}
}
@article{luong2015multi,
  title={Multi-task sequence to sequence learning},
  author={Luong, Minh-Thang and Le, Quoc V and Sutskever, Ilya and Vinyals, Oriol and Kaiser, Lukasz},
  journal={arXiv preprint arXiv:1511.06114},
  year={2015}
}
@inproceedings{sutskever2014sequence,
  title={Sequence to sequence learning with neural networks},
  author={Sutskever, Ilya and Vinyals, Oriol and Le, Quoc V},
  booktitle={Advances in neural information processing systems},
  pages={3104--3112},
  year={2014}
}

@book{little2014statistical,
  title={Statistical analysis with missing data},
  author={Little, Roderick JA and Rubin, Donald B},
  volume={333},
  year={2014},
  publisher={John Wiley \& Sons}
}

@article{garcia2009k,
  title={K nearest neighbours with mutual information for simultaneous classification and missing data imputation},
  author={Garc{\'\i}a-Laencina, Pedro J and Sancho-G{\'o}mez, Jos{\'e}-Luis and Figueiras-Vidal, An{\'\i}bal R and Verleysen, Michel},
  journal={Neurocomputing},
  volume={72},
  number={7-9},
  pages={1483--1493},
  year={2009},
  publisher={Elsevier}
}

@inproceedings{vinyals2016matching,
  title={Matching networks for one shot learning},
  author={Vinyals, Oriol and Blundell, Charles and Lillicrap, Tim and Wierstra, Daan and others},
  booktitle={Advances in Neural Information Processing Systems},
  pages={3630--3638},
  year={2016}
}

@inproceedings{xian2017zero,
  title={Zero-shot learning-The Good, the Bad and the Ugly},
  author={Xian, Yongqin and Schiele, Bernt and Akata, Zeynep},
  booktitle={30th IEEE Conference on Computer Vision and Pattern Recognition},
  pages={3077--3086},
  year={2017},
  organization={IEEE Computer Society}
}

@inproceedings{romera2015embarrassingly,
  title={An embarrassingly simple approach to zero-shot learning},
  author={Romera-Paredes, Bernardino and Torr, Philip},
  booktitle={International Conference on Machine Learning},
  pages={2152--2161},
  year={2015}
}

@article{krebs2015health,
  title={Health app use among US mobile phone owners: a national survey},
  author={Krebs, Paul and Duncan, Dustin T},
  journal={JMIR mHealth and uHealth},
  volume={3},
  number={4},
  year={2015},
  publisher={JMIR Publications Inc.}
}

@inproceedings{gjoreski2017unsupervised,
  title={Unsupervised online activity discovery using temporal behaviour assumption},
  author={Gjoreski, Hristijan and Roggen, Daniel},
  booktitle={Proceedings of the 2017 ACM International Symposium on Wearable Computers},
  pages={42--49},
  year={2017},
  organization={ACM}
}

@inproceedings{berlin2012detecting,
  title={Detecting leisure activities with dense motif discovery},
  author={Berlin, Eugen and Van Laerhoven, Kristof},
  booktitle={Proceedings of the 2012 ACM Conference on Ubiquitous Computing},
  pages={250--259},
  year={2012},
  organization={ACM}
}

@inproceedings{sani2018personalised,
  title={Personalised Human Activity Recognition Using Matching Networks},
  author={Sani, Sadiq and Wiratunga, Nirmalie and Massie, Stewart and Cooper, Kay},
  booktitle={International Conference on Case-Based Reasoning},
  year={2018},
  organization={Springer}
}

@inproceedings{reiss2012introducing,
  title={Introducing a new benchmarked dataset for activity monitoring},
  author={Reiss, Attila and Stricker, Didier},
  booktitle={Wearable Computers (ISWC), 2012 16th International Symposium on},
  pages={108--109},
  year={2012},
  organization={IEEE}
}

@article{ohashi2018attributes,
  title={Attributes’ Importance for Zero-Shot Pose-Classification Based on Wearable Sensors},
  author={Ohashi, Hiroki and Al-Naser, Mohammad and Ahmed, Sheraz and Nakamura, Katsuyuki and Sato, Takuto and Dengel, Andreas},
  journal={Sensors},
  volume={18},
  pages={2485},
  year={2018}
}

@inproceedings{larochelle2008zero,
  title={Zero-data learning of new tasks.},
  author={Larochelle, Hugo and Erhan, Dumitru and Bengio, Yoshua},
  booktitle={AAAI},
  volume={1},
  number={2},
  pages={3},
  year={2008}
}

@inproceedings{kawaguchi20164,
  title={4 th workshop on human activity sensing corpus and applications: towards open-ended context awareness},
  author={Kawaguchi, Nobuo and Nishio, Nobuhiko and Roggen, Daniel and Inoue, Sozo and Pirttikangas, Susanna and Van Laerhoven, Kristof},
  booktitle={Proceedings of the 2016 ACM International Joint Conference on Pervasive and Ubiquitous Computing: Adjunct},
  pages={690--695},
  year={2016},
  organization={ACM}
}

@Article{Aha1991,
author="Aha, David W.
and Kibler, Dennis
and Albert, Marc K.",
title="Instance-based learning algorithms",
journal="Machine Learning",
year="1991",
month="Jan",
day="01",
volume="6",
number="1",
pages="37--66",
issn="1573-0565",
doi="10.1007/BF00153759",
url="https://doi.org/10.1007/BF00153759"
}

@inproceedings{lampert2009learning,
  title={Learning to detect unseen object classes by between-class attribute transfer},
  author={Lampert, Christoph H and Nickisch, Hannes and Harmeling, Stefan},
  booktitle={Computer Vision and Pattern Recognition, 2009. CVPR 2009. IEEE Conference on},
  pages={951--958},
  year={2009},
  organization={IEEE}
}

@article{lampert2014attribute,
  title={Attribute-based classification for zero-shot visual object categorization},
  author={Lampert, Christoph H and Nickisch, Hannes and Harmeling, Stefan},
  journal={IEEE Transactions on Pattern Analysis and Machine Intelligence},
  volume={36},
  number={3},
  pages={453--465},
  year={2014},
  publisher={IEEE}
}

@inproceedings{cheng2013towards,
  title={Towards zero-shot learning for human activity recognition using semantic attribute sequence model},
  author={Cheng, Heng-Tze and Griss, Martin and Davis, Paul and Li, Jianguo and You, Di},
  booktitle={Proceedings of the 2013 ACM international joint conference on Pervasive and ubiquitous computing},
  pages={355--358},
  year={2013},
  organization={ACM}
}

@inproceedings{liu2011recognizing,
  title={Recognizing human actions by attributes},
  author={Liu, Jingen and Kuipers, Benjamin and Savarese, Silvio},
  booktitle={Computer Vision and Pattern Recognition (CVPR), 2011 IEEE Conference on},
  pages={3337--3344},
  year={2011},
  organization={IEEE}
}

@inproceedings{cheng2013nuactiv,
  title={Nuactiv: Recognizing unseen new activities using semantic attribute-based learning},
  author={Cheng, Heng-Tze and Sun, Feng-Tso and Griss, Martin and Davis, Paul and Li, Jianguo and You, Di},
  booktitle={Proceeding of the 11th annual international conference on Mobile systems, applications, and services},
  pages={361--374},
  year={2013},
  organization={ACM}
}
@inproceedings{karp1992line,
  title={On-line algorithms versus off-line algorithms: How much is it worth to know the future?},
  author={Karp, Richard M},
  booktitle={IFIP Congress (1)},
  volume={12},
  pages={416--429},
  year={1992}
}

@inproceedings{jantke1993types,
  title={Types of incremental learning},
  author={Jantke, P},
  booktitle={AAAI Symposium on Training Issues in Incremental Learning},
  pages={23--25},
  year={1993}
}

@article{weiss2016survey,
  title={A survey of transfer learning},
  author={Weiss, Karl and Khoshgoftaar, Taghi M and Wang, DingDing},
  journal={Journal of Big Data},
  volume={3},
  number={1},
  pages={9},
  year={2016},
  publisher={Nature Publishing Group}
}

@inproceedings{hoffer2015deep,
  title={Deep metric learning using triplet network},
  author={Hoffer, Elad and Ailon, Nir},
  booktitle={International Workshop on Similarity-Based Pattern Recognition},
  pages={84--92},
  year={2015},
  organization={Springer}
}

@inproceedings{bart2005cross,
  title={Cross-generalization: Learning novel classes from a single example by feature replacement},
  author={Bart, Evgeniy and Ullman, Shimon},
  booktitle={Computer Vision and Pattern Recognition, 2005. CVPR 2005. IEEE Computer Society Conference on},
  volume={1},
  pages={672--679},
  year={2005},
  organization={IEEE}
}

@article{yang2018learning,
  title={Learning to compare: Relation network for few-shot learning},
  author={Yang, Flood Sung Yongxin and Zhang, Li and Xiang, Tao and Torr, Philip HS and Hospedales, Timothy M}
}

@inproceedings{snell2017prototypical,
  title={Prototypical networks for few-shot learning},
  author={Snell, Jake and Swersky, Kevin and Zemel, Richard},
  booktitle={Advances in Neural Information Processing Systems},
  pages={4077--4087},
  year={2017}
}

@inproceedings{roggen2010collecting,
  title={Collecting complex activity datasets in highly rich networked sensor environments},
  author={Roggen, Daniel and Calatroni, Alberto and Rossi, Mirco and Holleczek, Thomas and F{\"o}rster, Kilian and Tr{\"o}ster, Gerhard and Lukowicz, Paul and Bannach, David and Pirkl, Gerald and Ferscha, Alois and others},
  booktitle={Networked Sensing Systems (INSS), 2010 Seventh International Conference on},
  pages={233--240},
  year={2010},
  organization={IEEE}
}

@article{wang2018deep,
  title={Deep learning for sensor-based activity recognition: A survey},
  author={Wang, Jindong and Chen, Yiqiang and Hao, Shuji and Peng, Xiaohui and Hu, Lisha},
  journal={Pattern Recognition Letters},
  year={2018},
  publisher={Elsevier}
}

@article{baltruvsaitis2018multimodal,
  title={Multimodal machine learning: A survey and taxonomy},
  author={Baltru{\v{s}}aitis, Tadas and Ahuja, Chaitanya and Morency, Louis-Philippe},
  journal={IEEE Transactions on Pattern Analysis and Machine Intelligence},
  year={2018},
  publisher={IEEE}
}

@article{nweke2018deep,
  title={Deep Learning Algorithms for Human Activity Recognition using Mobile and Wearable Sensor Networks: State of the Art and Research Challenges},
  author={Nweke, Henry Friday and Teh, Ying Wah and Al-Garadi, Mohammed Ali and Alo, Uzoma Rita},
  journal={Expert Systems with Applications},
  year={2018},
  publisher={Elsevier}
}


@inproceedings{yu2016video,
  title={Video paragraph captioning using hierarchical recurrent neural networks},
  author={Yu, Haonan and Wang, Jiang and Huang, Zhiheng and Yang, Yi and Xu, Wei},
  booktitle={Proceedings of the IEEE conference on computer vision and pattern recognition},
  pages={4584--4593},
  year={2016}
}

@inproceedings{vinyals2015show,
  title={Show and tell: A neural image caption generator},
  author={Vinyals, Oriol and Toshev, Alexander and Bengio, Samy and Erhan, Dumitru},
  booktitle={Computer Vision and Pattern Recognition (CVPR), 2015 IEEE Conference on},
  pages={3156--3164},
  year={2015},
  organization={IEEE}
}
@article{ma2015long,
  title={Long short-term memory neural network for traffic speed prediction using remote microwave sensor data},
  author={Ma, Xiaolei and Tao, Zhimin and Wang, Yinhai and Yu, Haiyang and Wang, Yunpeng},
  journal={Transportation Research Part C: Emerging Technologies},
  volume={54},
  pages={187--197},
  year={2015},
  publisher={Elsevier}
}

@inproceedings{goodfellow2014generative,
  title={Generative adversarial nets},
  author={Goodfellow, Ian and Pouget-Abadie, Jean and Mirza, Mehdi and Xu, Bing and Warde-Farley, David and Ozair, Sherjil and Courville, Aaron and Bengio, Yoshua},
  booktitle={Advances in NIPS},
  pages={2672-2680},
  year={2014}
}

@inproceedings{chen2016ocean,
  title={Ocean: a new opportunistic computing model for wearable activity recognition},
  author={Chen, Yiqiang and Gu, Yang and Jiang, Xinlong and Wang, Jindong},
  booktitle={Proceedings of the 2016 ACM International Joint Conference on Pervasive and Ubiquitous Computing: Adjunct},
  pages={33--36},
  year={2016},
  organization={ACM}
}

@inproceedings{lecun1990handwritten,
  title={Handwritten digit recognition with a back-propagation network},
  author={LeCun, Yann and Boser, Bernhard E and Denker, John S and Henderson, Donnie and Howard, Richard E and Hubbard, Wayne E and Jackel, Lawrence D},
  booktitle={Advances in neural information processing systems},
  pages={396--404},
  year={1990}
}

@inproceedings{khan2015beyond,
  title={Beyond activity recognition: skill assessment from accelerometer data},
  author={Khan, Aftab and Mellor, Sebastian and Berlin, Eugen and Thompson, Robin and McNaney, Roisin and Olivier, Patrick and Pl{\"o}tz, Thomas},
  booktitle={Proceedings of the 2015 ACM International Joint Conference on Pervasive and Ubiquitous Computing},
  pages={1155--1166},
  year={2015},
  organization={ACM}
}

@article{lara2013survey,
  title={A survey on human activity recognition using wearable sensors.},
  author={Lara, Oscar D and Labrador, Miguel A and others},
  journal={IEEE Communications Surveys and Tutorials},
  volume={15},
  number={3},
  pages={1192--1209},
  year={2013}
}

@inproceedings{munzner2017cnn,
  title={CNN-based sensor fusion techniques for multimodal human activity recognition},
  author={M{\"u}nzner, Sebastian and Schmidt, Philip and Reiss, Attila and Hanselmann, Michael and Stiefelhagen, Rainer and D{\"u}richen, Robert},
  booktitle={Proceedings of the 2017 ACM International Symposium on Wearable Computers},
  pages={158--165},
  year={2017},
  organization={ACM}
}